@INPROCEEDINGS{8110428,
	
	author={Y. {Tong} and Z. {Li}},
	
	booktitle={2017 4th International Conference on Information Science and Control Engineering (ICISCE)}, 
	
	title={Design of Intelligent Socket Based on WiFi}, 
	
	year={2017},
	
	volume={},
	
	number={},
	
	pages={952-955},
	
	doi={10.1109/ICISCE.2017.201}},
 @misc{wireshark, url={https://www.wireshark.org/docs/}, journal={Wireshark · Documentation}},
 @misc{packetsender, url={https://packetsender.com/documentation}, journal={Packet Sender · Documentation}},
@INPROCEEDINGS{9264926,
	
	author={ {Syafii} and A. {Luthfi} and Y. A. {Rozzi}},
	
	booktitle={2020 International Conference on Information Technology Systems and Innovation (ICITSI)}, 
	
	title={Design of Raspberry Pi Web-based Energy Monitoring System for Residential Electricity Consumption}, 
	
	year={2020},
	
	volume={},
	
	number={},
	
	pages={192-196},
	
	doi={10.1109/ICITSI50517.2020.9264926}},

@INPROCEEDINGS{8442052,
	
	author={T. {Tantidham} and S. {Ngamsuriyaros} and N. {Tungamnuayrith} and T. {Nildam} and K. {Banthao} and P. {Intakot}},
	
	booktitle={2018 International Conference on Embedded Systems and Intelligent Technology   International Conference on Information and Communication Technology for Embedded Systems (ICESIT-ICICTES)}, 
	
	title={Energy Consumption Collection Design for Smart Building}, 
	
	year={2018},
	
	volume={},
	
	number={},
	
	pages={1-6},
	
	doi={10.1109/ICESIT-ICICTES.2018.8442052}
},

@INPROCEEDINGS{8250475,
	
	author={S. {Wasoontarajaroen} and K. {Pawasan} and V. {Chamnanphrai}},
	
	booktitle={2017 9th International Conference on Information Technology and Electrical Engineering (ICITEE)}, 
	
	title={Development of an IoT device for monitoring electrical energy consumption}, 
	
	year={2017},
	
	volume={},
	
	number={},
	
	pages={1-4},
	
	doi={10.1109/ICITEED.2017.8250475}
},

@INPROCEEDINGS{8612412,
	
	author={K. {Chooruang} and K. {Meekul}},
	
	booktitle={2018 16th International Conference on ICT and Knowledge Engineering (ICT KE)}, 
	
	title={Design of an IoT Energy Monitoring System}, 
	
	year={2018},
	
	volume={},
	
	number={},
	
	pages={1-4},
	
	doi={10.1109/ICTKE.2018.8612412}
},

@INPROCEEDINGS{8442066,
	author = {Khwanrit, Ruengwit and Kittipiyakul, Somsak and Kudtonagngam, Jasada and Fujita, Hideaki},
	year = {2018},
	month = {05},
	pages = {1-6},
	title = {Accuracy Comparison of Present Low-cost Current Sensors for Building Energy Monitoring},
	doi = {10.1109/ICESIT-ICICTES.2018.8442066}
},

@INPROCEEDINGS{0977,
	author = {Ghorbanpanah, H. and Yaghmaee, Mohammah-H and Saeedi, Ali and Alishahi, S.},
	year = {2013},
	month = {01},
	pages = {1-4},
	title = {Design and implementation of building energy monitoring system using wireless sensor networks},
	volume = {2013},
	journal = {IET Conference Publications},
	doi = {10.1049/cp.2013.0977}
}

@INPROCEEDINGS{7884488,
	author={E. {Irmak} and A. {Köse} and G. {Göçmen}},
	booktitle={2016 IEEE International Conference on Renewable Energy Research and Applications (ICRERA)}, 
	title={Simulation and ZigBee based wireless monitoring of the amount of consumed energy at smart homes}, 
	year={2016},
	volume={},
	number={},
	pages={1019-1023},
	doi={10.1109/ICRERA.2016.7884488}}
